@article{rubin1976inference,
  title={Inference and missing data},
  author={Rubin, Donald B},
  journal={Biometrika},
  volume={63},
  number={3},
  pages={581--592},
  year={1976},
  publisher={Oxford University Press}
}
@article{le2020neumiss,
  title={NeuMiss networks: differentiable programming for supervised learning with missing values.},
  author={Le Morvan, Marine and Josse, Julie and Moreau, Thomas and Scornet, Erwan and Varoquaux, Ga{\"e}l},
  journal={Advances in Neural Information Processing Systems},
  volume={33},
  pages={5980--5990},
  year={2020}
}
@book{bishop2006pattern,
  title={Pattern recognition and machine learning},
  author={Bishop, Christopher M and Nasrabadi, Nasser M},
  volume={4},
  number={4},
  year={2006},
  publisher={Springer}
}
@article{ridgway2006matrixwoodbury,
  title={Matrix inversion identities},
  author={Ridgway, Ged},
  journal={},
  year={2006}
}
@misc{statexconditionalgaussian,
  author       = "Macro",
  title        = "Deriving the conditional distributions of a multivariate normal distribution",
  howpublished = "Cross Validated",
  month        = "3",
  year         = "2023",
  note         = "",
  annote       = "",
  url          = "https://stats.stackexchange.com/q/30600"
}
@book{trefethennumerical,
  title={Numerical Linear Algebra},
  author={Trefethen, L.N. and Bau, D.},
  year={1997},
  publisher={SIAM}
}
@article{cauchyinterlacetheorem,
  title={Cauchy's interlace theorem for eigenvalues of Hermitian matrices},
  author={Hwang, Suk-Geun},
  journal={The American mathematical monthly},
  volume={111},
  number={2},
  pages={157--159},
  year={2004},
  publisher={Taylor \& Francis}
}
@article{le2021goodimputation,
  title={Whatâ€™s a good imputation to predict with missing values?},
  author={Le Morvan, Marine and Josse, Julie and Scornet, Erwan and Varoquaux, Ga{\"e}l},
  journal={Advances in Neural Information Processing Systems},
  volume={34},
  pages={11530--11540},
  year={2021}
}
@inproceedings{gregor2010unroll,
  title={Learning fast approximations of sparse coding},
  author={Gregor, Karol and LeCun, Yann},
  booktitle={Proceedings of the 27th international conference on international conference on machine learning},
  pages={399--406},
  year={2010}
}
@article{monga2021unroll,
  title={Algorithm unrolling: Interpretable, efficient deep learning for signal and image processing},
  author={Monga, Vishal and Li, Yuelong and Eldar, Yonina C},
  journal={IEEE Signal Processing Magazine},
  volume={38},
  number={2},
  pages={18--44},
  year={2021},
  publisher={IEEE}
}